[gd_scene load_steps=9 format=2]

[ext_resource path="res://audio/music/game2.wav" type="AudioStream" id=1]
[ext_resource path="res://scenes/scene_scripts/MainMenu.gd" type="Script" id=2]
[ext_resource path="res://objects/post_processing.tscn" type="PackedScene" id=3]
[ext_resource path="res://objects/background_menu.tscn" type="PackedScene" id=4]
[ext_resource path="res://fonts/Teletactile-3zavL.ttf" type="DynamicFontData" id=5]

[sub_resource type="Shader" id=1]
code = "shader_type canvas_item;

uniform float screen_width = 1024;
uniform float screen_height = 600;

// Curvature
uniform float BarrelPower =1.1;
// Color bleeding
uniform float color_bleeding = 1.2;
uniform float bleeding_range_x = 3;
uniform float bleeding_range_y = 3;
// Scanline
uniform float lines_distance = 4.0;
uniform float scan_size = 2.0;
uniform float scanline_alpha = 0.9;
uniform float lines_velocity = 30.0;

vec2 distort(vec2 p) 
{
	float angle = p.y / p.x;
	float theta = atan(p.y,p.x);
	float radius = pow(length(p), BarrelPower);
	
	p.x = radius * cos(theta);
	p.y = radius * sin(theta);
	
	return 0.5 * (p + vec2(1.0,1.0));
}

void get_color_bleeding(inout vec4 current_color,inout vec4 color_left){
	current_color = current_color*vec4(color_bleeding,0.5,1.0-color_bleeding,1);
	color_left = color_left*vec4(1.0-color_bleeding,0.5,color_bleeding,1);
}

void get_color_scanline(vec2 uv,inout vec4 c,float time){
	float line_row = floor((uv.y * screen_height/scan_size) + mod(time*lines_velocity, lines_distance));
	float n = 1.0 - ceil((mod(line_row,lines_distance)/lines_distance));
	c = c - n*c*(1.0 - scanline_alpha);
	c.a = 1.0;
}

void fragment()
{
	vec2 xy = SCREEN_UV * 2.0;
	xy.x -= 1.0;
	xy.y -= 1.0;
	
	float d = length(xy);
	if(d < 1.5){
		xy = distort(xy);
	}
	else{
		xy = SCREEN_UV;
	}
	
	float pixel_size_x = 1.0/screen_width*bleeding_range_x;
	float pixel_size_y = 1.0/screen_height*bleeding_range_y;
	vec4 color_left = texture(SCREEN_TEXTURE,xy - vec2(pixel_size_x, pixel_size_y));
	vec4 current_color = texture(SCREEN_TEXTURE,xy);
	get_color_bleeding(current_color,color_left);
	vec4 c = current_color+color_left;
	get_color_scanline(xy,c,TIME);
	COLOR = c;

}
"

[sub_resource type="ShaderMaterial" id=2]
shader = SubResource( 1 )
shader_param/screen_width = 1980.0
shader_param/screen_height = 1080.0
shader_param/BarrelPower = 1.07
shader_param/color_bleeding = 1.9
shader_param/bleeding_range_x = 3.0
shader_param/bleeding_range_y = 4.0
shader_param/lines_distance = 4.0
shader_param/scan_size = 20.0
shader_param/scanline_alpha = 0.9
shader_param/lines_velocity = 30.0

[sub_resource type="DynamicFont" id=3]
size = 64
outline_size = 2
outline_color = Color( 0, 0, 0, 1 )
font_data = ExtResource( 5 )

[node name="Menu" type="Node2D"]
script = ExtResource( 2 )
__meta__ = {
"_edit_lock_": true
}

[node name="CanvasLayer" type="CanvasLayer" parent="."]
layer = -1

[node name="background" parent="CanvasLayer" instance=ExtResource( 4 )]

[node name="PP" parent="CanvasLayer" instance=ExtResource( 3 )]
material = SubResource( 2 )

[node name="main" type="AudioStreamPlayer" parent="."]
stream = ExtResource( 1 )
autoplay = true

[node name="top" type="CanvasLayer" parent="."]

[node name="watermark" type="Label" parent="top"]
margin_left = 1022.78
margin_top = 1014.82
margin_right = 2807.78
margin_bottom = 1255.82
custom_fonts/font = SubResource( 3 )
text = "SoicBR Games-2020"
__meta__ = {
"_edit_use_anchors_": false
}
