[gd_scene load_steps=10 format=2]

[ext_resource path="res://sprites/family/dad/couch.png" type="Texture" id=1]
[ext_resource path="res://sprites/family/dad/couch1.png" type="Texture" id=2]
[ext_resource path="res://sprites/family/dad/couch2.png" type="Texture" id=3]
[ext_resource path="res://objects/dad/dad.gd" type="Script" id=4]
[ext_resource path="res://audio/sfx/dad_sneeze.ogg" type="AudioStream" id=5]
[ext_resource path="res://sprites/vfx/exclamation_mark.png" type="Texture" id=6]

[sub_resource type="SpriteFrames" id=1]
animations = [ {
"frames": [ ExtResource( 2 ), ExtResource( 3 ), ExtResource( 1 ) ],
"loop": true,
"name": "default",
"speed": 4.0
} ]

[sub_resource type="RectangleShape2D" id=2]
extents = Vector2( 15.75, 15.875 )

[sub_resource type="CircleShape2D" id=3]
radius = 57.0777

[node name="dad" type="StaticBody2D"]
script = ExtResource( 4 )

[node name="spr" type="AnimatedSprite" parent="."]
frames = SubResource( 1 )
frame = 1
playing = true

[node name="exclamation" type="Sprite" parent="."]
visible = false
position = Vector2( -0.32177, -27.0819 )
scale = Vector2( 0.5, 0.5 )
texture = ExtResource( 6 )

[node name="CollisionShape2D" type="CollisionShape2D" parent="."]
position = Vector2( 0, 2.125 )
shape = SubResource( 2 )
__meta__ = {
"_edit_lock_": true
}

[node name="sneeze_sound" type="AudioStreamPlayer2D" parent="."]
stream = ExtResource( 5 )

[node name="sneeze_timer" type="Timer" parent="."]
process_mode = 0
wait_time = 24.0
one_shot = true
autostart = true

[node name="close_hitbox" type="Area2D" parent="." groups=[
"family",
]]

[node name="CollisionShape2D" type="CollisionShape2D" parent="close_hitbox"]
shape = SubResource( 3 )
[connection signal="timeout" from="sneeze_timer" to="." method="_on_sneeze_timer_timeout"]
