[gd_scene load_steps=10 format=2]

[ext_resource path="res://sprites/etc/coin.png" type="Texture" id=1]
[ext_resource path="res://sprites/etc/coin_1.png" type="Texture" id=2]
[ext_resource path="res://objects/coin/coin.gd" type="Script" id=3]
[ext_resource path="res://audio/sfx/1up.wav" type="AudioStream" id=4]

[sub_resource type="Shader" id=1]
code = "shader_type canvas_item;

uniform float forca;



void fragment()
{
	COLOR  = texture(TEXTURE, UV);
	COLOR.b = UV.g;
}

void vertex()
{
	VERTEX.x += cos(TIME) * forca;
	VERTEX.y += sin(TIME) * forca;
}
"

[sub_resource type="ShaderMaterial" id=2]
shader = SubResource( 1 )
shader_param/forca = 0.7

[sub_resource type="Animation" id=3]
resource_name = "FLASH"
length = 0.6
loop = true
tracks/0/type = "value"
tracks/0/path = NodePath("Sprite:material")
tracks/0/interp = 1
tracks/0/loop_wrap = true
tracks/0/imported = false
tracks/0/enabled = true
tracks/0/keys = {
"times": PoolRealArray( 0 ),
"transitions": PoolRealArray( 1 ),
"update": 1,
"values": [ null ]
}
tracks/1/type = "value"
tracks/1/path = NodePath("Sprite:texture")
tracks/1/interp = 1
tracks/1/loop_wrap = true
tracks/1/imported = false
tracks/1/enabled = true
tracks/1/keys = {
"times": PoolRealArray( 0, 0.1, 0.3, 0.5 ),
"transitions": PoolRealArray( 1, 1, 1, 1 ),
"update": 1,
"values": [ ExtResource( 1 ), ExtResource( 2 ), ExtResource( 1 ), ExtResource( 2 ) ]
}

[sub_resource type="Animation" id=4]
resource_name = "IDLE"
loop = true
tracks/0/type = "value"
tracks/0/path = NodePath("Sprite:texture")
tracks/0/interp = 1
tracks/0/loop_wrap = true
tracks/0/imported = false
tracks/0/enabled = true
tracks/0/keys = {
"times": PoolRealArray( 0 ),
"transitions": PoolRealArray( 1 ),
"update": 1,
"values": [ ExtResource( 1 ) ]
}
tracks/1/type = "value"
tracks/1/path = NodePath("Sprite:material")
tracks/1/interp = 1
tracks/1/loop_wrap = true
tracks/1/imported = false
tracks/1/enabled = true
tracks/1/keys = {
"times": PoolRealArray( 0 ),
"transitions": PoolRealArray( 1 ),
"update": 1,
"values": [ SubResource( 2 ) ]
}

[sub_resource type="CapsuleShape2D" id=5]
radius = 9.11713
height = 10.0473

[node name="coin" type="Area2D" groups=[
"coin",
]]
script = ExtResource( 3 )

[node name="Sprite" type="Sprite" parent="."]
material = SubResource( 2 )
texture = ExtResource( 1 )

[node name="AnimationPlayer" type="AnimationPlayer" parent="."]
anims/FLASH = SubResource( 3 )
anims/IDLE = SubResource( 4 )

[node name="CollisionShape2D" type="CollisionShape2D" parent="."]
shape = SubResource( 5 )

[node name="1up" type="AudioStreamPlayer2D" parent="."]
stream = ExtResource( 4 )
volume_db = -2.0

[node name="respawn" type="Timer" parent="."]
process_mode = 0
one_shot = true
[connection signal="body_entered" from="." to="." method="_on_coin_body_entered"]
[connection signal="finished" from="1up" to="." method="_on_1up_finished"]
[connection signal="timeout" from="respawn" to="." method="_on_respawn_timeout"]
