[gd_scene load_steps=9 format=2]

[ext_resource path="res://sprites/family/mom/mom_3.png" type="Texture" id=1]
[ext_resource path="res://objects/mom/mom.gd" type="Script" id=2]
[ext_resource path="res://sprites/vfx/exclamation_mark.png" type="Texture" id=3]
[ext_resource path="res://audio/sfx/mom_sneeze.ogg" type="AudioStream" id=4]

[sub_resource type="CircleShape2D" id=1]
radius = 0.970261

[sub_resource type="Animation" id=2]
loop = true
tracks/0/type = "value"
tracks/0/path = NodePath("Sprite:frame")
tracks/0/interp = 2
tracks/0/loop_wrap = true
tracks/0/imported = false
tracks/0/enabled = true
tracks/0/keys = {
"times": PoolRealArray( 0, 0.4, 0.8 ),
"transitions": PoolRealArray( 1, 1, 1 ),
"update": 2,
"values": [ 0, 1, 2 ]
}

[sub_resource type="Animation" id=3]
length = 1.2
loop = true
tracks/0/type = "value"
tracks/0/path = NodePath("Sprite:frame")
tracks/0/interp = 0
tracks/0/loop_wrap = false
tracks/0/imported = false
tracks/0/enabled = true
tracks/0/keys = {
"times": PoolRealArray( 0, 0.196863, 0.392545, 0.769521, 0.909248, 1.15129 ),
"transitions": PoolRealArray( 1, 1, 1, 1, 1, 1 ),
"update": 0,
"values": [ 3, 4, 5, 4, 5, 6 ]
}

[sub_resource type="CircleShape2D" id=4]
radius = 33.7227

[node name="mom" type="KinematicBody2D"]
script = ExtResource( 2 )

[node name="CollisionShape2D" type="CollisionShape2D" parent="."]
position = Vector2( 3.375, 2.125 )
shape = SubResource( 1 )
disabled = true

[node name="Sprite" type="Sprite" parent="."]
texture = ExtResource( 1 )
hframes = 12

[node name="exclamation_mark" type="Sprite" parent="."]
visible = false
position = Vector2( -1.95711, -24.4856 )
scale = Vector2( 0.5, 0.5 )
texture = ExtResource( 3 )

[node name="AnimationPlayer" type="AnimationPlayer" parent="."]
anims/IDLE = SubResource( 2 )
anims/WALK = SubResource( 3 )

[node name="sneeze_timer" type="Timer" parent="."]
process_mode = 0
wait_time = 23.0
autostart = true

[node name="sneeze_audio" type="AudioStreamPlayer2D" parent="."]
stream = ExtResource( 4 )

[node name="change_pos" type="Timer" parent="."]
process_mode = 0
wait_time = 15.3
autostart = true

[node name="close_hitbox" type="Area2D" parent="." groups=[
"family",
]]

[node name="CollisionShape2D" type="CollisionShape2D" parent="close_hitbox"]
shape = SubResource( 4 )
[connection signal="timeout" from="sneeze_timer" to="." method="_on_sneeze_timer_timeout"]
[connection signal="timeout" from="change_pos" to="." method="_on_change_pos_timeout"]
